01REMESSA01COBRANCA       277400221655        CARPA DO BRASIL LTDA. - ME    341BANCO ITAU SA  280416                                                                                                                                                                                                                                                                                                      000001
10210698236000105277400221655    00004850/1                   000000000000000000000112                     I014850/1    13051600000001069743410000001N150416810000000000003530000000000000000000000000000000000000000000000203122785000163AUGUSTO JORGE BACHA                     RUA 14 DE JULHO, 3117                   CENTRO      79002332CAMPO GRANDE   MS                                  00000007 000002
9                                                                                                                                                                                                                                                                                                                                                                                                         000003
